
BibTeX
@inproceedings{sparseTIR,
author = {Ye, Zihao and Lai, Ruihang and Shao, Junru and Chen, Tianqi and Ceze, Luis},
title = {SparseTIR: Composable Abstractions for Sparse Compilation in Deep Learning},
year = {2023},
isbn = {9781450399180},
publisher = {Association for Computing Machinery},
address = {New York, NY, USA},
url = {https://doi.org/10.1145/3582016.3582047},
doi = {10.1145/3582016.3582047},
abstract = {Sparse tensors are rapidly becoming critical components of modern deep learning workloads. However, developing high-performance sparse operators can be difficult and tedious, and existing vendor libraries cannot satisfy the escalating demands from new operators. Sparse tensor compilers simplify the development of operators, but efficient sparse compilation for deep learning remains challenging because a single sparse format cannot maximize hardware efficiency, and single-shot compilers cannot keep up with latest hardware and system advances. In this paper, we observe that the key to addressing both these challenges is to leverage composable formats and composable transformations. We propose SparseTIR, a sparse tensor compilation abstraction that offers composable formats and composable transformations for deep learning workloads. SparseTIR constructs a search space over these composable components for performance tuning. With these improvements, SparseTIR obtains consistent performance speedups vs vendor libraries on GPUs for single operators: 1.20-2.34x for GNN operators, 1.05-2.98x for sparse attention operators, and 0.56-7.45x for sparse convolution operators. SparseTIR also accelerates end-to-end GNNs by 1.08-1.52x for GraphSAGE training, and 4.20-40.18x for RGCN inference.},
booktitle = {Proceedings of the 28th ACM International Conference on Architectural Support for Programming Languages and Operating Systems, Volume 3},
pages = {660â€“678},
numpages = {19},
keywords = {Vectorization, Tensor Cores, Tensor Compilers, Sparse Computation, Scheduling, Kernel Fusion, Code Generation and Optimizations},
location = {, Vancouver, BC, Canada, },
series = {ASPLOS 2023}
}

@article{won2024continuous,
  title={The Continuous Tensor Abstraction: Where Indices are Real},
  author={Anonymous Authors},
  journal={OOPSLA},
  volume={},
  year={2024, submitted Round 2}
}


@article{won2023unified,
  title={Unified Convolution Framework: A compiler-based approach to support sparse convolutions},
  author={Won, Jaeyeon and Hong, Changwan and Mendis, Charith and Emer, Joel and Amarasinghe, Saman},
  journal={Proceedings of Machine Learning and Systems},
  volume={5},
  year={2023}
}


@article{sze2017efficient,
  title={Efficient processing of deep neural networks: A tutorial and survey},
  author={Sze, Vivienne and Chen, Yu-Hsin and Yang, Tien-Ju and Emer, Joel S},
  journal={Proceedings of the IEEE},
  volume={105},
  number={12},
  pages={2295--2329},
  year={2017},
  publisher={Ieee}
}

@article{chou2022compilation,
  title={Compilation of dynamic sparse tensor algebra},
  author={Chou, Stephen and Amarasinghe, Saman},
  journal={Proceedings of the ACM on Programming Languages},
  volume={6},
  number={OOPSLA2},
  pages={1408--1437},
  year={2022},
  publisher={ACM New York, NY, USA}
}

 @MISC{eigenweb,
  author = {Ga\"{e}l Guennebaud and Beno\^{i}t Jacob and others},
  title = {Eigen v3},
  howpublished = {http://eigen.tuxfamily.org},
  year = {2010}
 }

@inproceedings{ikarashi2022exocompilation,
  title={Exocompilation for productive programming of hardware accelerators},
  author={Ikarashi, Yuka and Bernstein, Gilbert Louis and Reinking, Alex and Genc, Hasan and Ragan-Kelley, Jonathan},
  booktitle={Proceedings of the 43rd ACM SIGPLAN International Conference on Programming Language Design and Implementation},
  pages={703--718},
  year={2022}
}
@inproceedings{smith2015splatt,
  title={SPLATT: Efficient and parallel sparse tensor-matrix multiplication},
  author={Smith, Shaden and Ravindran, Niranjay and Sidiropoulos, Nicholas D and Karypis, George},
  booktitle={2015 IEEE International Parallel and Distributed Processing Symposium},
  pages={61--70},
  year={2015},
  organization={IEEE}
}

@inproceedings{verdoolaege2010isl,
  title={isl: An integer set library for the polyhedral model},
  author={Verdoolaege, Sven},
  booktitle={International Congress on Mathematical Software},
  pages={299--302},
  year={2010},
  organization={Springer}
}


@inproceedings{yuki2012alphaz,
  title={Alphaz: A system for design space exploration in the polyhedral model},
  author={Yuki, Tomofumi and Gupta, Gautam and Kim, DaeGon and Pathan, Tanveer and Rajopadhye, Sanjay},
  booktitle={International Workshop on Languages and Compilers for Parallel Computing},
  pages={17--31},
  year={2012},
  organization={Springer}
}


@inproceedings{bondhugula2008pluto,
  title={Pluto: A practical and fully automatic polyhedral program optimization system},
  author={Bondhugula, Uday and Hartono, Albert and Ramanujam, J and Sadayappan, P},
  booktitle={Proceedings of the ACM SIGPLAN 2008 Conference on Programming Language Design and Implementation (PLDI 08), Tucson, AZ (June 2008)},
  year={2008},
  organization={Citeseer}
}


@article{chen2008framework,
  title={A framework for composing high-level loop transformations},
  author={Chen, Chun and Chame, Jacqueline and Hall, Mary},
  journal={Technical Report 08--897, USC Computer Science Technical Report},
  year={2008}
}


@article{hagedorn2020achieving,
  title={Achieving high-performance the functional way: a functional pearl on expressing high-performance optimizations as rewrite strategies},
  author={Hagedorn, Bastian and Lenfers, Johannes and Koehler, Thomas and Qin, Xueying and Gorlatch, Sergei and Steuwer, Michel},
  journal={Proceedings of the ACM on Programming Languages},
  volume={4},
  number={ICFP},
  pages={1--29},
  year={2020},
  publisher={ACM New York, NY, USA}
}



@article{chen2018tvm,
  title={TVM: end-to-end optimization stack for deep learning},
  author={Chen, Tianqi and Moreau, Thierry and Jiang, Ziheng and Shen, Haichen and Yan, Eddie Q and Wang, Leyuan and Hu, Yuwei and Ceze, Luis and Guestrin, Carlos and Krishnamurthy, Arvind},
  journal={arXiv preprint arXiv:1802.04799},
  volume={11},
  number={2018},
  pages={20},
  year={2018},
  publisher={CoRR}
}


@inproceedings{tang2023torchsparse++,
  title={Torchsparse++: Efficient training and inference framework for sparse convolution on gpus},
  author={Tang, Haotian and Yang, Shang and Liu, Zhijian and Hong, Ke and Yu, Zhongming and Li, Xiuyu and Dai, Guohao and Wang, Yu and Han, Song},
  booktitle={Proceedings of the 56th Annual IEEE/ACM International Symposium on Microarchitecture},
  pages={225--239},
  year={2023}
}

@inproceedings{solomonik2013cyclops,
  title={Cyclops tensor framework: Reducing communication and eliminating load imbalance in massively parallel contractions},
  author={Solomonik, Edgar and Matthews, Devin and Hammond, Jeff and Demmel, James},
  booktitle={2013 IEEE 27th International Symposium on Parallel and Distributed Processing},
  pages={813--824},
  year={2013},
  organization={IEEE}
}




@article{van2015blis,
  title={BLIS: A framework for rapidly instantiating BLAS functionality},
  author={Van Zee, Field G and Van De Geijn, Robert A},
  journal={ACM Transactions on Mathematical Software (TOMS)},
  volume={41},
  number={3},
  pages={1--33},
  year={2015},
  publisher={ACM New York, NY, USA}
}


@article{dongarra2017design,
  title={The design and performance of batched BLAS on modern high-performance computing systems},
  author={Dongarra, Jack and Hammarling, Sven and Higham, Nicholas J and Relton, Samuel D and Valero-Lara, Pedro and Zounon, Mawussi},
  journal={Procedia Computer Science},
  volume={108},
  pages={495--504},
  year={2017},
  publisher={Elsevier}
}


@inproceedings{huang2020ge,
  title={Ge-spmm: General-purpose sparse matrix-matrix multiplication on gpus for graph neural networks},
  author={Huang, Guyue and Dai, Guohao and Wang, Yu and Yang, Huazhong},
  booktitle={SC20: International Conference for High Performance Computing, Networking, Storage and Analysis},
  pages={1--12},
  year={2020},
  organization={IEEE}
}


@inproceedings{ashari2014fast,
  title={Fast sparse matrix-vector multiplication on GPUs for graph applications},
  author={Ashari, Arash and Sedaghati, Naser and Eisenlohr, John and Parthasarath, Srinivasan and Sadayappan, P},
  booktitle={SC'14: Proceedings of the International Conference for High Performance Computing, Networking, Storage and Analysis},
  pages={781--792},
  year={2014},
  organization={IEEE}
}


@article{tang2022torchsparse,
  title={Torchsparse: Efficient point cloud inference engine},
  author={Tang, Haotian and Liu, Zhijian and Li, Xiuyu and Lin, Yujun and Han, Song},
  journal={Proceedings of Machine Learning and Systems},
  volume={4},
  pages={302--315},
  year={2022}
}


@inproceedings{kang2011gbase,
  title={GBASE: a scalable and general graph management system},
  author={Kang, U and Tong, Hanghang and Sun, Jimeng and Lin, Ching-Yung and Faloutsos, Christos},
  booktitle={Proceedings of the 17th ACM SIGKDD international conference on Knowledge discovery and data mining},
  pages={1091--1099},
  year={2011}
}


@inproceedings{kepner2016mathematical,
  title={Mathematical foundations of the GraphBLAS},
  author={Kepner, Jeremy and Aaltonen, Peter and Bader, David and Bulu{\c{c}}, Aydin and Franchetti, Franz and Gilbert, John and Hutchison, Dylan and Kumar, Manoj and Lumsdaine, Andrew and Meyerhenke, Henning and others},
  booktitle={2016 IEEE High Performance Extreme Computing Conference (HPEC)},
  pages={1--9},
  year={2016},
  organization={IEEE}
}


@article{Rumengan2021, doi = {10.21105/joss.03051}, url = {https://doi.org/10.21105/joss.03051}, year = {2021}, publisher = {The Open Journal}, volume = {6}, number = {66}, pages = {3051}, author = {Jason Rumengan and Terry Yue Zhuo and Conrad Sanderson}, title = {PyArmadillo: a streamlined linear algebra library for Python}, journal = {Journal of Open Source Software} }

@book{Anderson1999,
  title = {LAPACK Usersâ€™ Guide},
  ISBN = {9780898719604},
  url = {http://dx.doi.org/10.1137/1.9780898719604},
  DOI = {10.1137/1.9780898719604},
  publisher = {Society for Industrial and Applied Mathematics},
  author = {Anderson,  E. and Bai,  Z. and Bischof,  C. and Blackford,  L. S. and Demmel,  J. and Dongarra,  J. and Du Croz,  J. and Greenbaum,  A. and Hammarling,  S. and McKenney,  A. and Sorensen,  D.},
  year = {1999},
  month = jan 
}

@inproceedings{zhang2021gamma,
  title={Gamma: Leveraging Gustavsonâ€™s algorithm to accelerate sparse matrix multiplication},
  author={Zhang, Guowei and Attaluri, Nithya and Emer, Joel S and Sanchez, Daniel},
  booktitle={Proceedings of the 26th ACM International Conference on Architectural Support for Programming Languages and Operating Systems},
  pages={687--701},
  year={2021}
}


@article{shaikhha2022functional,
  title={Functional collection programming with semi-ring dictionaries},
  author={Shaikhha, Amir and Huot, Mathieu and Smith, Jaclyn and Olteanu, Dan},
  journal={Proceedings of the ACM on Programming Languages},
  volume={6},
  number={OOPSLA1},
  pages={1--33},
  year={2022},
  publisher={ACM New York, NY, USA}
}


@article{schleich2023optimizing,
  title={Optimizing tensor programs on flexible storage},
  author={Schleich, Maximilian and Shaikhha, Amir and Suciu, Dan},
  journal={Proceedings of the ACM on Management of Data},
  volume={1},
  number={1},
  pages={1--27},
  year={2023},
  publisher={ACM New York, NY, USA}
}


@inproceedings{ahrens2022autoscheduling,
  title={Autoscheduling for sparse tensor algebra with an asymptotic cost model},
  author={Ahrens, Willow and Kjolstad, Fredrik and Amarasinghe, Saman},
  booktitle={Proceedings of the 43rd ACM SIGPLAN International Conference on Programming Language Design and Implementation},
  pages={269--285},
  year={2022}
}


@article{senanayake2020sparse,
  title={A sparse iteration space transformation framework for sparse tensor algebra},
  author={Senanayake, Ryan and Hong, Changwan and Wang, Ziheng and Wilson, Amalee and Chou, Stephen and Kamil, Shoaib and Amarasinghe, Saman and Kjolstad, Fredrik},
  journal={Proceedings of the ACM on Programming Languages},
  volume={4},
  number={OOPSLA},
  pages={1--30},
  year={2020},
  publisher={ACM New York, NY, USA}
}

@article{chou2018format,
  title={Format abstraction for sparse tensor algebra compilers},
  author={Chou, Stephen and Kjolstad, Fredrik and Amarasinghe, Saman},
  journal={Proceedings of the ACM on Programming Languages},
  volume={2},
  number={OOPSLA},
  pages={1--30},
  year={2018},
  publisher={ACM New York, NY, USA}
}


@article{baumann2021array,
  title={Array databases: Concepts, standards, implementations},
  author={Baumann, Peter and Misev, Dimitar and Merticariu, Vlad and Huu, Bang Pham},
  journal={Journal of Big Data},
  volume={8},
  pages={1--61},
  year={2021},
  publisher={Springer}
}

@inproceedings{franchetti2009operator,
  title={Operator language: A program generation framework for fast kernels},
  author={Franchetti, Franz and de Mesmay, Fr{\'e}d{\'e}ric and McFarlin, Daniel and P{\"u}schel, Markus},
  booktitle={IFIP Working Conference on Domain-Specific Languages},
  pages={385--409},
  year={2009},
  organization={Springer}
}


@article{franchetti2018spiral,
  title={SPIRAL: Extreme performance portability},
  author={Franchetti, Franz and Low, Tze Meng and Popovici, Doru Thom and Veras, Richard M and Spampinato, Daniele G and Johnson, Jeremy R and P{\"u}schel, Markus and Hoe, James C and Moura, Jos{\'e} MF},
  journal={Proceedings of the IEEE},
  volume={106},
  number={11},
  pages={1935--1968},
  year={2018},
  publisher={IEEE}
}


@article{luo2018scalable,
  title={Scalable linear algebra on a relational database system},
  author={Luo, Shangyu and Gao, Zekai J and Gubanov, Michael and Perez, Luis L and Jermaine, Christopher},
  journal={ACM SIGMOD Record},
  volume={47},
  number={1},
  pages={24--31},
  year={2018},
  publisher={ACM New York, NY, USA}
}



@inproceedings{hutchison2017laradb,
  title={LaraDB: A minimalist kernel for linear and relational algebra computation},
  author={Hutchison, Dylan and Howe, Bill and Suciu, Dan},
  booktitle={Proceedings of the 4th ACM SIGMOD Workshop on Algorithms and Systems for MapReduce and Beyond},
  pages={1--10},
  year={2017}
}


@article{stonebraker2013scidb,
  title={SciDB: A database management system for applications with complex analytics},
  author={Stonebraker, Michael and Brown, Paul and Zhang, Donghui and Becla, Jacek},
  journal={Computing in Science \& Engineering},
  volume={15},
  number={3},
  pages={54--62},
  year={2013},
  publisher={IEEE}
}


@article{tsatalos1996gmap,
  title={The GMAP: A versatile tool for physical data independence},
  author={Tsatalos, Odysseas G and Solomon, Marvin H and Ioannidis, Yannis E},
  journal={The VLDB Journal},
  volume={5},
  pages={101--118},
  year={1996},
  publisher={Springer}
}



@article{kersten2018everything,
  title={Everything you always wanted to know about compiled and vectorized queries but were afraid to ask},
  author={Kersten, Timo and Leis, Viktor and Kemper, Alfons and Neumann, Thomas and Pavlo, Andrew and Boncz, Peter},
  journal={Proceedings of the VLDB Endowment},
  volume={11},
  number={13},
  pages={2209--2222},
  year={2018},
  publisher={VLDB Endowment}
}


@article{neumann2011efficiently,
  title={Efficiently compiling efficient query plans for modern hardware},
  author={Neumann, Thomas},
  journal={Proceedings of the VLDB Endowment},
  volume={4},
  number={9},
  pages={539--550},
  year={2011},
  publisher={VLDB Endowment}
}


@article{boncz2012vectorwise,
  title={Vectorwise: Beyond column stores},
  author={Boncz, PA and Zukowski, M},
  journal={IEEE Data Engineering Bulletin},
  volume={35},
  number={1},
  pages={21--27},
  year={2012}
}


@book{date1989guide,
  title={A Guide to the SQL Standard},
  author={Date, Chris J},
  year={1989},
  publisher={Addison-Wesley Longman Publishing Co., Inc.}
}


@inproceedings{kotlyar1997relational,
  title={A relational approach to the compilation of sparse matrix programs},
  author={Kotlyar, Vladimir and Pingali, Keshav and Stodghill, Paul},
  booktitle={Euro-Par'97 Parallel Processing: Third International Euro-Par Conference Passau, Germany, August 26--29, 1997 Proceedings 3},
  pages={318--327},
  year={1997},
  organization={Springer}
}


@article{zhao2022polyhedral,
  title={Polyhedral specification and code generation of sparse tensor contraction with co-iteration},
  author={Zhao, Tuowen and Popoola, Tobi and Hall, Mary and Olschanowsky, Catherine and Strout, Michelle},
  journal={ACM Transactions on Architecture and Code Optimization},
  volume={20},
  number={1},
  pages={1--26},
  year={2022},
  publisher={ACM New York, NY}
}





@article{ghorbani2023compiling,
  title={Compiling structured tensor algebra},
  author={Ghorbani, Mahdi and Huot, Mathieu and Hashemian, Shideh and Shaikhha, Amir},
  journal={Proceedings of the ACM on Programming Languages},
  volume={7},
  number={OOPSLA2},
  pages={204--233},
  year={2023},
  publisher={ACM New York, NY, USA}
}


@article{strout2018sparse,
  title={The sparse polyhedral framework: Composing compiler-generated inspector-executor code},
  author={Strout, Michelle Mills and Hall, Mary and Olschanowsky, Catherine},
  journal={Proceedings of the IEEE},
  volume={106},
  number={11},
  pages={1921--1934},
  year={2018},
  publisher={IEEE}
}

@inproceedings{dao2022monarch,
  title={Monarch: Expressive structured matrices for efficient and accurate training},
  author={Dao, Tri and Chen, Beidi and Sohoni, Nimit S and Desai, Arjun and Poli, Michael and Grogan, Jessica and Liu, Alexander and Rao, Aniruddh and Rudra, Atri and R{\'e}, Christopher},
  booktitle={International Conference on Machine Learning},
  pages={4690--4721},
  year={2022},
  organization={PMLR}
}

@inproceedings{baghdadi2019tiramisu,
  title={Tiramisu: A polyhedral compiler for expressing fast and portable code},
  author={Baghdadi, Riyadh and Ray, Jessica and Romdhane, Malek Ben and Del Sozzo, Emanuele and Akkas, Abdurrahman and Zhang, Yunming and Suriana, Patricia and Kamil, Shoaib and Amarasinghe, Saman},
  booktitle={2019 IEEE/ACM International Symposium on Code Generation and Optimization (CGO)},
  pages={193--205},
  year={2019},
  organization={IEEE}
}


@book{anderson1999lapack,
  title={LAPACK users' guide},
  author={Anderson, Edward and Bai, Zhaojun and Bischof, Christian and Blackford, L Susan and Demmel, James and Dongarra, Jack and Du Croz, Jeremy and Greenbaum, Anne and Hammarling, Sven and McKenney, Alan and others},
  year={1999},
  publisher={SIAM}
}

@article{grosser2012polly,
  title={Pollyâ€”performing polyhedral optimizations on a low-level intermediate representation},
  author={Grosser, Tobias and Groesslinger, Armin and Lengauer, Christian},
  journal={Parallel Processing Letters},
  volume={22},
  number={04},
  pages={1250010},
  year={2012},
  publisher={World Scientific}
}


@inproceedings{mattson2019lagraph,
  title={LAGraph: A community effort to collect graph algorithms built on top of the GraphBLAS},
  author={Mattson, Tim and Davis, Timothy A and Kumar, Manoj and Buluc, Aydin and McMillan, Scott and Moreira, Jos{\'e} and Yang, Carl},
  booktitle={2019 IEEE International Parallel and Distributed Processing Symposium Workshops (IPDPSW)},
  pages={276--284},
  year={2019},
  organization={IEEE}
}



@inproceedings{bulucc2017design,
  title={Design of the GraphBLAS API for C},
  author={Bulu{\c{c}}, Aydin and Mattson, Tim and McMillan, Scott and Moreira, Jos{\'e} and Yang, Carl},
  booktitle={2017 IEEE international parallel and distributed processing symposium workshops (IPDPSW)},
  pages={643--652},
  year={2017},
  organization={IEEE}
}


@article{bradski2000opencv,
  title={OpenCV},
  author={Bradski, Gary and Kaehler, Adrian and others},
  journal={Dr. Dobbâ€™s journal of software tools},
  volume={3},
  number={2},
  year={2000}
}


@article{virtanen2020scipy,
  title={SciPy 1.0: fundamental algorithms for scientific computing in Python},
  author={Virtanen, Pauli and Gommers, Ralf and Oliphant, Travis E and Haberland, Matt and Reddy, Tyler and Cournapeau, David and Burovski, Evgeni and Peterson, Pearu and Weckesser, Warren and Bright, Jonathan and others},
  journal={Nature methods},
  volume={17},
  number={3},
  pages={261--272},
  year={2020},
  publisher={Nature Publishing Group}
}


@article{psarras2022linear,
  title={The linear algebra mapping problem. current state of linear algebra languages and libraries},
  author={Psarras, Christos and Barthels, Henrik and Bientinesi, Paolo},
  journal={ACM Transactions on Mathematical Software (TOMS)},
  volume={48},
  number={3},
  pages={1--30},
  year={2022},
  publisher={ACM New York, NY}
}

@inproceedings{spampinato2016basic,
  title={A basic linear algebra compiler for structured matrices},
  author={Spampinato, Daniele G and P{\"u}schel, Markus},
  booktitle={Proceedings of the 2016 International Symposium on Code Generation and Optimization},
  pages={117--127},
  year={2016}
}





@ARTICLE{ded,
       author = {{Burns}, Keaton J. and {Vasil}, Geoffrey M. and {Oishi}, Jeffrey S. and {Lecoanet}, Daniel and {Brown}, Benjamin P.},
        title = "{Dedalus: A flexible framework for numerical simulations with spectral methods}",
      journal = {Physical Review Research},
     keywords = {Astrophysics - Instrumentation and Methods for Astrophysics, Physics - Computational Physics, Physics - Fluid Dynamics},
         year = 2020,
        month = apr,
       volume = {2},
       number = {2},
          eid = {023068},
        pages = {023068},
          doi = {10.1103/PhysRevResearch.2.023068},
archivePrefix = {arXiv},
       eprint = {1905.10388},
 primaryClass = {astro-ph.IM},
       adsurl = {https://ui.adsabs.harvard.edu/abs/2020PhRvR...2b3068B},
      adsnote = {Provided by the SAO/NASA Astrophysics Data System}
}

@article{bernstein2016ebb,
  title={Ebb: A DSL for physical simulation on CPUs and GPUs},
  author={Bernstein, Gilbert Louis and Shah, Chinmayee and Lemire, Crystal and Devito, Zachary and Fisher, Matthew and Levis, Philip and Hanrahan, Pat},
  journal={ACM Transactions on Graphics (TOG)},
  volume={35},
  number={2},
  pages={1--12},
  year={2016},
  publisher={ACM New York, NY, USA}
}

@techreport{balay2020petsc,
  title={PETSc Users Manual (Rev. 3.13)},
  author={Balay, S and Abhyankar, S and Adams, Mark F and Brown, J and Brune, P and Buschelman, K and Dalcin, L and Dener, A and Eijkhout, V and Gropp, W and others},
  year={2020},
  institution={Argonne National Lab.(ANL), Argonne, IL (United States)}
}

@inproceedings{mcauley2013hidden,
  title={Hidden factors and hidden topics: understanding rating dimensions with review text},
  author={McAuley, Julian and Leskovec, Jure},
  booktitle={Proceedings of the 7th ACM conference on Recommender systems},
  pages={165--172},
  year={2013}
}


@book{o2009scientific,
  title={Scientific computing with case studies},
  author={O'Leary, Dianne P},
  year={2009},
  publisher={SIAM}
}


@book{saad2003iterative,
  title={Iterative methods for sparse linear systems},
  author={Saad, Yousef},
  year={2003},
  publisher={SIAM}
}


@article{abhyankarpetsc,
  title={PETSc DMNetwork: A Scalable Network PDE-Based Multiphysics Simulator},
  author={ABHYANKAR, SHRIRANG and BETRIE, GETNET and MALDONADO, DANIEL A and MCINNES, LOIS C and SMITH, BARRY and ZHANG, HONG}
}



@article{golomb1966run,
  title={Run-length encodings (corresp.)},
  author={Golomb, Solomon},
  journal={IEEE transactions on information theory},
  volume={12},
  number={3},
  pages={399--401},
  year={1966},
  publisher={Citeseer}
}

@inproceedings{shi2020column,
  title={Column partition and permutation for run length encoding in columnar databases},
  author={Shi, Jia},
  booktitle={Proceedings of the 2020 ACM SIGMOD International Conference on Management of Data},
  pages={2873--2874},
  year={2020}
}



@article{bell2007lessons,
  title={Lessons from the Netflix prize challenge},
  author={Bell, Robert M and Koren, Yehuda},
  journal={Acm Sigkdd Explorations Newsletter},
  volume={9},
  number={2},
  pages={75--79},
  year={2007},
  publisher={ACM New York, NY, USA}
}

@article{harris2020array,
  title={Array programming with NumPy},
  author={Harris, Charles R and Millman, K Jarrod and Van Der Walt, St{\'e}fan J and Gommers, Ralf and Virtanen, Pauli and Cournapeau, David and Wieser, Eric and Taylor, Julian and Berg, Sebastian and Smith, Nathaniel J and others},
  journal={Nature},
  volume={585},
  number={7825},
  pages={357--362},
  year={2020},
  publisher={Nature Publishing Group UK London}
}

@article{vuduc2005oski,
  title={OSKI: A library of automatically tuned sparse matrix kernels},
  author={Vuduc, Richards and Demmel, James W and Yelick, Katherine A},
  journal={Journal of Physics},
  volume={16},
  number={1},
  pages={521--530},
  year={2005},
  publisher={Institute of Physics Publishing}
}

@inproceedings{beamer2012direction,
  title={Direction-optimizing breadth-first search},
  author={Beamer, Scott and Asanovic, Krste and Patterson, David},
  booktitle={SC'12: Proceedings of the International Conference on High Performance Computing, Networking, Storage and Analysis},
  pages={1--10},
  year={2012},
  organization={IEEE}
}

@article{wang2023free,
  title={Free join: Unifying worst-case optimal and traditional joins},
  author={Wang, Yisu Remy and Willsey, Max and Suciu, Dan},
  journal={Proceedings of the ACM on Management of Data},
  volume={1},
  number={2},
  pages={1--23},
  year={2023},
  publisher={ACM New York, NY, USA}
}
